@article{flato2013evaluation,
  title={Evaluation of Climate Models. In: Climate Change 2013: The Physical Science Basis. Contribution of Working Group I to the Fifth Assessment Report of the Intergovernmental Panel on Climate Change},
  author={Flato, Gregory and Marotzke, Jochem and Abiodun, Babatunde and Braconnot, Pascale and Chou, Sin Chan and Collins, William J and Cox, Peter and Driouech, Fatima and Emori, Seita and Eyring, Veronika and others},
  journal={Climate Change 2013},
  volume={5},
  pages={741--866},
  year={2013},
  publisher={Cambridge University Press}
}

@Article{RCMIP5,
    author = {Kathe Todd-Brown and Ben Bond-Lamberty},
    title = {RCMIP5: easy exploration, manipulation, and summarizing of CMIP5 data},
    journal = {EOS},
    year = {2015},
    volume = {submitted},
    pages = {XXX--XXX},
    url = {http://onlinelibrary.wiley.com/journal/10.1002/(ISSN)2324-9250},
  }

@article{taylor2012overview,
  title={An overview of {CMIP5} and the experiment design},
  author={Taylor, Karl E and Stouffer, Ronald J and Meehl, Gerald A},
  journal={Bulletin of the American Meteorological Society},
  volume={93},
  number={4},
  pages={485},
  year={2012},
  publisher={American Meteorological Society}
}

@Manual{wux,
    title = {{wux}: Wegener Center Climate Uncertainty Explorer},
    author = {Thomas Mendlik and Georg Heinrich and Armin Leuprecht},
    year = {2016},
    note = {R package version 2.2-1},
    url = {https://CRAN.R-project.org/package=wux},
  }
