@article{anderson2009weather,
  title={Weather-related mortality: how heat, cold, and heat waves affect mortality in the {United States}},
  author={Anderson, G. Brooke and Bell, Michelle L.},
  journal={Epidemiology},
  volume = 20,
  number = 2,
  pages = {205--213},
  year = 2009,
  doi = {10.1097/EDE.0b013e318190ee08}
}

@article{chen2015influence,
  author = {Chen, K and Bi, J and Chen, J and Chen, X and Huang, L and Zhou, L},
  title = {Influence of heat wave definitions to the added effect of heat waves on daily mortality in {Nanjing, China}},
  journal = {Science of the Total Environment},
  volume = {506-507},
  pages = {18-25},
  year = {2015},
  doi = {10.1016/j.scitotenv.2014.10.092}
}

@article{gent2011community,
  author = {Gent, Peter R and Danabasoglu, Gokhan and Donner, Leo J and others},
  title = {The {Community Climate System Model Version 4}},
  journal = {Journal of Climate},
  volume = 24,
  number = 19,
  pages = {4973--4991},
  year = 2011,
  doi = {10.1175/2011JCLI4083.1}
}

@Book{ggplot2,
    author = {Hadley Wickham},
    title = {ggplot2: Elegant Graphics for Data Analysis},
    publisher = {Springer-Verlag New York},
    year = {2009},
    isbn = {978-0-387-98140-6},
    url = {http://had.co.nz/ggplot2/book},
  }

@Manual{gridExtra,
    title = {gridExtra: Miscellaneous Functions for "Grid" Graphics},
    author = {Baptiste Auguie},
    year = {2015},
    note = {R package version 2.0.0},
    url = {https://CRAN.R-project.org/package=gridExtra},
  }

@article{hawkins2009potential,
  author = {Hawkins, E and Sutton, R},
  title = {The potential to narrow uncertainty in regional climate predictions},
  journal = {Bulletin of the American Meteorological Society},
  volume = 90,
  number = 8,
  pages = {1095--1107},
  year = 2009,
  doi = {10.1175/2009BAMS2607.1}
}

@article{kent2014heat,
  title = {Heat waves and health outcomes in {Alabama (USA)}: the importance of heat wave definition},
  author = {Kent, Shia T and McClure, Leslie A and Zaitchik, Benjamin F and Smith, Tiffany T and Gohlke, Julia M},
  journal = {Environmental Health Perspectives},
  volume = 122,
  number = 2,
  pages = {151--158},
  year = 2014,
  doi = {10.1289/ehp.1307262}
}

@Manual{ncdf4,
    title = {ncdf4: Interface to Unidata netCDF (Version 4 or Earlier) Format Data
Files},
    author = {David Pierce},
    year = {2015},
    note = {R package version 1.15},
    url = {https://CRAN.R-project.org/package=ncdf4},
  }

@article{peng2011toward,
  title = {Toward a Quantitative Estimate of Future Heat Wave Mortality under Global Climate Change},
  author = {Peng, Roger D and Bobb, Jennifer F and Tebaldi, Claudia and McDaniel, Larry and Bell, Michelle L and Dominici, Francesca},
  journal = {Environmental Health Perspectives},
  volume = 119,
  number = 5,
  pages = {701--706},
  year = 2011,
  doi = {10.1289/ehp.1002430}
}

@article{Rcpp,
  title = {{Rcpp}: Seamless {R} and {C++} Integration},
  author = {Eddelbuettel, Dirk and Francois, Romain},
  journal = {Journal of Statistical Software},
  volume = {40},
  number = {8},
  pages = {1--18},
  year = {2011},
  doi = {10.18637/jss.v040.i08}
}

@Manual{RNetCDF,
    title = {RNetCDF: Interface to NetCDF Datasets},
    author = {Pavel Michna and with contributions from Milton Woods},
    year = {2016},
    note = {R package version 1.8-2},
    url = {https://CRAN.R-project.org/package=RNetCDF},
  }

@article{robinson2001definition,
  title = {On the definition of a heat wave},
  author = {Robinson, Peter J},
  journal = {Journal of applied Meteorology},
  volume = 40,
  number = 4,
  pages = {762--775},
  year = 2001,
  doi = {10.1175/1520-0450(2001)040<0762:OTDOAH>2.0.CO;2}
}

@article{smith2013heat,
  title = {Heat waves in the {United States}: definitions, patterns and trends},
  author = {Smith, Tiffany T and Zaitchik, Benjamin F and Gohlke, Julia M},
  journal = {Climatic Change},
  volume = 118,
  number = {3-4},
  pages = {811--825},
  year = 2013,
  doi = {10.1007/s10584-012-0659-2}
}

@article{tan2007heat,
  title = {Heat wave impacts on mortality in {Shanghai}, 1998 and 2003},
  author = {Tan, Jianguo and Zheng, Youfei and Song, Guixiang and Kalkstein, Laurence S and Kalkstein, Adam J and Tang, Xu},
  journal = {International Journal of Biometeorology},
  volume = 51,
  number = 3,
  pages = {193--200},
  year = 2007 ,
  doi = {10.1007/s00484-006-0058-3}
}

@article{taylor2012overview,
  title = {An overview of {CMIP5} and the experiment design},
  author = {Taylor, Karl E and Stouffer, Ronald J and Meehl, Gerald A},
  journal = {Bulletin of the American Meteorological Society},
  volume = 93,
  number = 4,
  pages = {485--498},
  year = 2012,
  doi = {10.1175/BAMS-D-11-00094.1}
}

@article{wickham2014tidy,
  title = {Tidy data},
  author = {Wickham, Hadley},
  journal = {Journal of Statistical Software},
  volume = 59,
  number = 10,
  pages = {1--23},
  year = 2014,
  doi = {0.18637/jss.v059.i10}
}

@article{xin2013introduction,
  title = {Introduction of {CMIP5} experiments carried out with the climate system models of {Beijing Climate Center}},
  author = {Xin, Xiao-Ge and Wu, Tong-Wen and Jie, Zhang},
  journal = {Advances in Climate Change Research},
  volume = 4,
  number = 1,
  pages = {41--49},
  year = 2013,
  doi = {10.3724/SP.J.1248.2013.041}
}
